@inbook{Pomerleau2023,
	author = {Pomerleau, Fran√ßois},
	editor = {Ang, Marcelo H and Khatib, Oussama and Siciliano, Bruno},
	title = {Robotics in Snow and Ice},
	booktitle = {Encyclopedia of Robotics},
	year = {2023},
	publisher = {Springer Berlin Heidelberg},
	address = {Berlin, Heidelberg},
	pages = {1--6},
	project = {snow}
}

@article{Dante2,
	title={Dante {II}: Technical description, results, and lessons learned},
	author={Bares, John E and Wettergreen, David S},
	journal={The International Journal of robotics research},
	volume={18},
	number={7},
	pages={621--649},
	year={1999},
	publisher={SAGE Publications}
}

@inproceedings{Talbot2023,
	title={Principled {ICP} Covariance Modelling in Perceptually Degraded Environments for the {EELS} Mission Concept},
	author={Talbot, William and Nash, Jeremy and Paton, Michael and Ambrose, Eric and Metz, Brandon and Thakker, Rohan and Etheredge, Rachel and Ono, Masahiro and Ila, Viorela},
	booktitle={IEEE/RSJ International Conference on Intelligent Robots and Systems (IROS)},
	pages={10763--10770},
	year={2023},
	organization={IEEE}
}

@article{Polzin2023,
	title={Into the ice: Exploration and data capturing in glacial moulins by a tethered robot},
	author={Polzin, Max and Hughes, Josie},
	journal={Journal of Field Robotics},
	year={2024},
	publisher={Wiley Online Library}
}
